<?xml version="1.0" encoding="UTF-8"?>
<collection xmlns:xsi="http://www.w3.org/2001/XMLSchema-instance" xsi:schemaLocation="http://www.loc.gov/MARC21/slim http://www.loc.gov/standards/marcxml/schema/MARC21slim.xsd" xmlns="http://www.loc.gov/MARC21/slim">
<record>
  <leader>00659cam a22002171  4500</leader>
  <controlfield tag="001">3111292</controlfield>
  <controlfield tag="003">NNC</controlfield>
  <controlfield tag="005">20130426021809.0</controlfield>
  <controlfield tag="008">011018s1889    ua            000 0 ara d</controlfield>
  <datafield tag="035" ind1=" " ind2=" ">
    <subfield code="a">(OCoLC)ocm48173285</subfield>
  </datafield>
  <datafield tag="035" ind1=" " ind2=" ">
    <subfield code="9">ATU2727CU</subfield>
  </datafield>
  <datafield tag="035" ind1=" " ind2=" ">
    <subfield code="a">(NNC)3111292</subfield>
  </datafield>
  <datafield tag="040" ind1=" " ind2=" ">
    <subfield code="a">ZCU</subfield>
    <subfield code="c">ZCU</subfield>
  </datafield>
  <datafield tag="099" ind1=" " ind2=" ">
    <subfield code="a">893.74</subfield>
    <subfield code="a">Ib531</subfield>
  </datafield>
  <datafield tag="100" ind1="1" ind2=" ">
    <subfield code="a">Sujāʻī, Aḥmad ibn Aḥmad,</subfield>
    <subfield code="d">-1783?</subfield>
  </datafield>
  <datafield tag="245" ind1="1" ind2="0">
    <subfield code="a">Hashiyat ...</subfield>
    <subfield code="b">ʻalā sharḥ al-ḳatṛ ...</subfield>
  </datafield>
  <datafield tag="260" ind1=" " ind2=" ">
    <subfield code="a">Cairo,</subfield>
    <subfield code="c">1306 A.H. [1889 A.D.]</subfield>
  </datafield>
  <datafield tag="300" ind1=" " ind2=" ">
    <subfield code="a">117, 2 p.</subfield>
    <subfield code="c">28 cm.</subfield>
  </datafield>
  <datafield tag="600" ind1="1" ind2="0">
    <subfield code="a">Ibn Hishām, ʻAbd Allāh ibn Yūsuf,</subfield>
    <subfield code="d">1309-1360.</subfield>
    <subfield code="t">Ḳaṭr al-nadā.</subfield>
  </datafield>
  <datafield tag="700" ind1="1" ind2=" ">
    <subfield code="a">Anbābī, Muḥammad al-,</subfield>
    <subfield code="e">comm.</subfield>
  </datafield>
  <datafield tag="955" ind1=" " ind2=" ">
    <subfield code="b">CU58920765</subfield>
    <subfield code="d">off,glx</subfield>
    <subfield code="e">893.74 Ib531</subfield>
  </datafield>
</record>
</collection>